@inproceedings{miller2003movielens,
  title={MovieLens unplugged: experiences with an occasionally connected recommender system},
  author={Miller, Bradley N and Albert, Istvan and Lam, Shyong K and Konstan, Joseph A and Riedl, John},
  booktitle={Proceedings of the 8th international conference on Intelligent user interfaces},
  pages={263--266},
  year={2003},
  organization={ACM}
}


@article{harper2016movielens,
  title={The movielens datasets: History and context},
  author={Harper, F Maxwell and Konstan, Joseph A},
  journal={Acm transactions on interactive intelligent systems (tiis)},
  volume={5},
  number={4},
  pages={19},
  year={2016},
  publisher={ACM}
}

@article{slides,
  title={Advances in Data Mining 2.3 Recommender Systems},
  author={Dr. W. Kowalczyk}
}
