@article{wang2007defense,
  title={Defense against spoofed IP traffic using hop-count filtering},
  author={Wang, Haining and Jin, Cheng and Shin, Kang G},
  journal={IEEE/ACM Transactions on Networking (ToN)},
  volume={15},
  number={1},
  pages={40--53},
  year={2007},
  publisher={IEEE Press}
}

@inproceedings{das2007survey,
  title={A survey of DNA motif finding algorithms},
  author={Das, Modan K and Dai, Ho-Kwok},
  booktitle={BMC bioinformatics},
  volume={8},
  number={7},
  pages={S21},
  year={2007},
  organization={BioMed Central}
}


@inproceedings{durand2003loglog,
  title={Loglog counting of large cardinalities},
  author={Durand, Marianne and Flajolet, Philippe},
  booktitle={European Symposium on Algorithms},
  pages={605--617},
  year={2003},
  organization={Springer}
}



@article{assignmentSlides,
  title={Advances in Data Mining. Assignment 2: Counting Distinct Elements in Practice},
  author={Dr. W. Kowalczyk}
}